@article{Yang2018AEntropy,
    title = {{A Feature-Reduction Fuzzy Clustering Algorithm Based on Feature-Weighted Entropy}},
    year = {2018},
    journal = {IEEE Transactions on Fuzzy Systems},
    author = {Yang, Miin Shen and Nataliani, Yessica},
    doi = {10.1109/TFUZZ.2017.2692203},
    issn = {10636706},
    keywords = {Clustering, entropy, feature reduction, feature weights, feature-reduction FCM (FRFCM), fuzzy c-means (FCM), fuzzy clustering}
}

@article{Yang2018AEntropyb,
    title = {{A Feature-Reduction Fuzzy Clustering Algorithm Based on Feature-Weighted Entropy}},
    year = {2018},
    journal = {IEEE Transactions on Fuzzy Systems},
    author = {Yang, Miin Shen and Nataliani, Yessica},
    doi = {10.1109/TFUZZ.2017.2692203},
    issn = {10636706},
    keywords = {Clustering, entropy, feature reduction, feature weights, feature-reduction FCM (FRFCM), fuzzy c-means (FCM), fuzzy clustering}
}

@article{Yang2019AAlgorithm,
    title = {{A Feature-Reduction Multi-View k-Means Clustering Algorithm}},
    year = {2019},
    journal = {IEEE Access},
    author = {Yang, Miin-Shen and Sinaga, Kristina P.},
    month = {8},
    pages = {114472--114486},
    volume = {7},
    publisher = {Institute of Electrical and Electronics Engineers (IEEE)},
    url = {https://ieeexplore.ieee.org/document/8793138/},
    doi = {10.1109/access.2019.2934179},
    issn = {2169-3536}
}

@article{Dunn1973AClusters,
    title = {{A fuzzy relative of the ISODATA process and its use in detecting compact well-separated clusters}},
    year = {1973},
    journal = {Journal of Cybernetics},
    author = {Dunn, J. C.},
    doi = {10.1080/01969727308546046},
    issn = {00220280}
}

@article{Yang2005AAlgorithm,
    title = {{A modified mountain clustering algorithm}},
    year = {2005},
    journal = {Pattern Analysis and Applications},
    author = {Yang, Miin Shen and Wu, Kuo Lung},
    number = {1-2},
    month = {9},
    pages = {125--138},
    volume = {8},
    doi = {10.1007/s10044-005-0250-9},
    issn = {14337541},
    keywords = {Modified mountain algorithm, Mountain method, Parameter estimation, Unsupervised clustering, Validity index}
}

@misc{Sun2013ALearning,
    title = {{A survey of multi-view machine learning}},
    year = {2013},
    booktitle = {Neural Computing and Applications},
    author = {Sun, Shiliang},
    doi = {10.1007/s00521-013-1362-6},
    issn = {09410643},
    keywords = {Canonical correlation analysis, Co-regularization, Co-training, Multi-view learning, Statistical learning theory}
}

@article{Zeng2018AData,
    title = {{A Unified Collaborative Multikernel Fuzzy Clustering for Multiview Data}},
    year = {2018},
    journal = {IEEE Transactions on Fuzzy Systems},
    author = {Zeng, Shan and Wang, Xiuying and Cui, Hui and Zheng, Chaojie and Feng, David},
    doi = {10.1109/TFUZZ.2017.2743679},
    issn = {10636706},
    keywords = {Collaborative learning, fuzzy clustering, multi-kernel space, multiview data}
}

@article{Zeng2018ADatab,
    title = {{A Unified Collaborative Multikernel Fuzzy Clustering for Multiview Data}},
    year = {2018},
    journal = {IEEE Transactions on Fuzzy Systems},
    author = {Zeng, Shan and Wang, Xiuying and Cui, Hui and Zheng, Chaojie and Feng, David},
    doi = {10.1109/TFUZZ.2017.2743679},
    issn = {10636706},
    keywords = {Collaborative learning, fuzzy clustering, multi-kernel space, multiview data}
}

@article{Wu2002AlternativeAlgorithms,
    title = {{Alternative c-means clustering algorithms}},
    year = {2002},
    journal = {Pattern Recognition},
    author = {Wu, Kuo Lung and Yang, Miin Shen},
    doi = {10.1016/S0031-3203(01)00197-2},
    issn = {00313203},
    keywords = {Alternative c-means, Fixed-point iterations, Fuzzy c-means, Hard c-means, Noise, Robustness}
}

@article{Kanungo2002AnImplementation,
    title = {{An efficient k-means clustering algorithms: Analysis and implementation}},
    year = {2002},
    journal = {IEEE Transactions on Pattern Analysis and Machine Intelligence},
    author = {Kanungo, Tapas and Mount, David M. and Netanyahu, Nathan S. and Piatko, Christine D. and Silverman, Ruth and Wu, Angela Y.},
    doi = {10.1109/TPAMI.2002.1017616},
    issn = {01628828},
    keywords = {Computational geometry, Data mining, Knowledge discovery, Machine learning, Nearest-neighbor searching, Pattern recognition, k-d tree, k-means clustering}
}

@article{Hotelling1933AnalysisComponents,
    title = {{Analysis of a complex of statistical variables into principal components}},
    year = {1933},
    journal = {Journal of Educational Psychology},
    author = {Hotelling, H.},
    doi = {10.1037/h0071325},
    issn = {00220663},
    keywords = {BIOMETRY AND STATISTICS, FACTOR ANALYSIS, THEORY, MENTAL TESTS}
}

@article{Izakian2013ClusteringC-means,
    title = {{Clustering spatiotemporal data: An augmented fuzzy C-means}},
    year = {2013},
    journal = {IEEE Transactions on Fuzzy Systems},
    author = {Izakian, Hesam and Pedrycz, Witold and Jamal, Iqbal},
    doi = {10.1109/TFUZZ.2012.2233479},
    issn = {10636706},
    keywords = {Fuzzy clustering, reconstruction and prediction criteria, spatiotemporal data, weather data}
}

@inproceedings{Cleuziou2009CoFKM:Clustering,
    title = {{CoFKM: A centralized method for multiple-view clustering}},
    year = {2009},
    booktitle = {Proceedings - IEEE International Conference on Data Mining, ICDM},
    author = {Cleuziou, Guillaume and Exbrayat, Mathieu and Martin, Lionel and Sublemontier, Jacques Henri},
    isbn = {9780769538952},
    doi = {10.1109/ICDM.2009.138},
    issn = {15504786},
    keywords = {Centralized clustering, Collaborative clustering, Fuzzy clustering, Multi-view data}
}

@article{Cornuejols2018CollaborativeHow,
    title = {{Collaborative clustering: Why, when, what and how}},
    year = {2018},
    journal = {Information Fusion},
    author = {Cornu{\'{e}}jols, Antoine and Wemmert, Cédric and Gan{\c{c}}arski, Pierre and Bennani, Younès},
    doi = {10.1016/j.inffus.2017.04.008},
    issn = {15662535},
    keywords = {Clustering combining, Collaborative clustering, Cooperative clustering}
}

@article{Cornuejols2018CollaborativeHowb,
    title = {{Collaborative clustering: Why, when, what and how}},
    year = {2018},
    journal = {Information Fusion},
    author = {Cornu{\'{e}}jols, Antoine and Wemmert, Cédric and Gan{\c{c}}arski, Pierre and Bennani, Younès},
    doi = {10.1016/j.inffus.2017.04.008},
    issn = {15662535},
    keywords = {Clustering combining, Collaborative clustering, Cooperative clustering}
}

@article{Pedrycz2002CollaborativeClustering,
    title = {{Collaborative fuzzy clustering}},
    year = {2002},
    journal = {Pattern Recognition Letters},
    author = {Pedrycz, Witold},
    doi = {10.1016/S0167-8655(02)00130-7},
    issn = {01678655},
    keywords = {Cluster (partition) interaction, Collaborative clustering, Data confidentiality and security, Data interaction, Fuzzy clustering}
}

@article{Pedrycz2002CollaborativeClusteringb,
    title = {{Collaborative fuzzy clustering}},
    year = {2002},
    journal = {Pattern Recognition Letters},
    author = {Pedrycz, Witold},
    doi = {10.1016/S0167-8655(02)00130-7},
    issn = {01678655},
    keywords = {Cluster (partition) interaction, Collaborative clustering, Data confidentiality and security, Data interaction, Fuzzy clustering}
}

@article{Jiang2015CollaborativeViews,
    title = {{Collaborative Fuzzy Clustering From Multiple Weighted Views}},
    year = {2015},
    journal = {IEEE Transactions on Cybernetics},
    author = {Jiang, Yizhang and Chung, Fu Lai and Wang, Shitong and Deng, Zhaohong and Wang, Jun and Qian, Pengjiang},
    doi = {10.1109/TCYB.2014.2334595},
    issn = {21682267},
    keywords = {Collaborative clustering, fuzzy c-means, multiple view clustering, objective function}
}

@article{Ray1999DeterminationSegmentation,
    title = {{Determination of number of clusters in k-means clustering and application in colour image segmentation}},
    year = {1999},
    journal = {Proceedings of the 4th international conference on advances in pattern recognition and digital techniques},
    author = {Ray, Siddheswar and Turi, R.H.},
    keywords = {clustering, colour image segmentation, inter-class distance, intra-cluster distance, k-means}
}

@article{Cai2005DocumentIndexing,
    title = {{Document clustering using locality preserving indexing}},
    year = {2005},
    journal = {IEEE Transactions on Knowledge and Data Engineering},
    author = {Cai, Deng and He, Xiaofei and Han, Jiawei},
    doi = {10.1109/TKDE.2005.198},
    issn = {10414347},
    keywords = {Dimensionality reduction, Document clustering, Locality preserving indexing, Semantics}
}

@article{Bezdek1984FCM:Algorithm,
    title = {{FCM: The fuzzy c-means clustering algorithm}},
    year = {1984},
    journal = {Computers and Geosciences},
    author = {Bezdek, James C. and Ehrlich, Robert and Full, William},
    doi = {10.1016/0098-3004(84)90020-7},
    issn = {00983004},
    keywords = {Cluster analysis, Cluster validity, Fuzzy QMODEL, Fuzzy clustering, Least-squared errors}
}

@article{Modha2003FeatureClustering,
    title = {{Feature weighting on k-means clustering}},
    year = {2003},
    journal = {Machine Learning},
    author = {Modha, Dharmendra S. and Spangler, W. Scott},
    doi = {10.1023/A:1024016609528},
    issn = {08856125},
    keywords = {Clustering, Convex k-means algorithm, Convexity, Feature combination, Feature selection, Fisher's discriminant analysis, Text mining, Unsupervised learning}
}

@article{Chuang2006FuzzySegmentation,
    title = {{Fuzzy c-means clustering with spatial information for image segmentation}},
    year = {2006},
    journal = {Computerized Medical Imaging and Graphics},
    author = {Chuang, Keh Shih and Tzeng, Hong Long and Chen, Sharon and Wu, Jay and Chen, Tzong Jer},
    doi = {10.1016/j.compmedimag.2005.10.001},
    issn = {08956111},
    keywords = {Clustering, Fuzzy c-means, Image segmentation, Spatial information}
}

@article{Chang2015FuzzyModels,
    title = {{Fuzzy Change-Point Algorithms for Regression Models}},
    year = {2015},
    journal = {IEEE Transactions on Fuzzy Systems},
    author = {Chang, Shao Tung and Lu, Kang Ping and Yang, Miin Shen},
    doi = {10.1109/TFUZZ.2015.2421072},
    issn = {10636706},
    keywords = {Change-point, Change-point regression, Fuzzy c-means, Fuzzy c-regressions, Fuzzy change-point algorithm, Fuzzy clustering, Regression models}
}

@article{Rayward-Smith2000FuzzyRecognition,
    title = {{Fuzzy Cluster Analysis: Methods for Classification, Data Analysis and Image Recognition}},
    year = {2000},
    journal = {The Journal of the Operational Research Society},
    author = {Rayward-Smith, V. J. and Hoppner, F. and Klawonn, F. and Kruse, R. and Runkler, T.},
    doi = {10.2307/254022},
    issn = {01605682}
}

@article{Gong2014FuzzyImages,
    title = {{Fuzzy clustering with a modified MRF energy function for change detection in synthetic aperture radar images}},
    year = {2014},
    journal = {IEEE Transactions on Fuzzy Systems},
    author = {Gong, Maoguo and Su, Linzhi and Jia, Meng and Chen, Weisheng},
    doi = {10.1109/TFUZZ.2013.2249072},
    issn = {10636706},
    keywords = {Fuzzy clustering, Markov random field (MRF), image change detection, synthetic aperture radar (SAR)}
}

@article{BEZDEK1973FuzzyClassification,
    title = {{Fuzzy Mathematics in Pattern Classification}},
    year = {1973},
    journal = {Ph. D. Dissertation, Applied Mathematics, Cornell University},
    author = {{BEZDEK} and C., J.},
    url = {http://ci.nii.ac.jp/naid/10006528387/en/}
}

@article{Zhu2009GeneralizedPartitions,
    title = {{Generalized fuzzy C-means clustering algorithm with improved fuzzy partitions}},
    year = {2009},
    journal = {IEEE Transactions on Systems, Man, and Cybernetics, Part B: Cybernetics},
    author = {Zhu, Lin and Chung, Fu Lai and Wang, Shitong},
    doi = {10.1109/TSMCB.2008.2004818},
    issn = {10834419},
    keywords = {Clustering algorithm, Competitive learning, Fuzzy partitions, Membership constraint function}
}

@article{Zhu2009GeneralizedPartitionsb,
    title = {{Generalized fuzzy C-means clustering algorithm with improved fuzzy partitions}},
    year = {2009},
    journal = {IEEE Transactions on Systems, Man, and Cybernetics, Part B: Cybernetics},
    author = {Zhu, Lin and Chung, Fu Lai and Wang, Shitong},
    doi = {10.1109/TSMCB.2008.2004818},
    issn = {10834419},
    keywords = {Clustering algorithm, Competitive learning, Fuzzy partitions, Membership constraint function}
}

@article{LeCun1998Gradient-basedRecognition,
    title = {{Gradient-based learning applied to document recognition}},
    year = {1998},
    journal = {Proceedings of the IEEE},
    author = {LeCun, Yann and Bottou, Léon and Bengio, Yoshua and Haffner, Patrick},
    number = {11},
    pages = {2278--2323},
    volume = {86},
    doi = {10.1109/5.726791},
    issn = {00189219},
    keywords = {Convolutional neural networks, Document recognition, Finite state transducers, Gradient-based learning, Graph transformer networks, Machine learning, Neural networks, Optical character recognition (OCR)}
}

@article{Geva1999HierarchicalClustering,
    title = {{Hierarchical unsupervised fuzzy clustering}},
    year = {1999},
    journal = {IEEE Transactions on Fuzzy Systems},
    author = {Geva, Amir B.},
    doi = {10.1109/91.811242},
    issn = {10636706},
    keywords = {Cluster validity, Hierarchical clustering, Hybrid systems, Pattern recognition, Projection pursuit, Recursive feature extraction, Unsupervised fuzzy clustering}
}

@article{Wang2004ImprovingLearning,
    title = {{Improving fuzzy c-means clustering based on feature-weight learning}},
    year = {2004},
    journal = {Pattern Recognition Letters},
    author = {Wang, Xizhao and Wang, Yadong and Wang, Lijuan},
    doi = {10.1016/j.patrec.2004.03.008},
    issn = {01678655},
    keywords = {Fuzziness, Fuzzy c-means, Gradient descent technique, Similarity measure, Weighted fuzzy c-means}
}

@article{Franti2018K-meansDatasets,
    title = {{K-means properties on six clustering benchmark datasets}},
    year = {2018},
    journal = {Applied Intelligence},
    author = {Fr{\"{a}}nti, Pasi and Sieranoja, Sami},
    doi = {10.1007/s10489-018-1238-7},
    issn = {15737497},
    keywords = {Benchmark, Clustering algorithms, Clustering quality, k-means}
}

@article{Blei2003LatentAllocation,
    title = {{Latent Dirichlet allocation}},
    year = {2003},
    journal = {Journal of Machine Learning Research},
    author = {Blei, David M. and Ng, Andrew Y. and Jordan, Michael I.},
    doi = {10.1016/b978-0-12-411519-4.00006-9},
    issn = {15324435}
}

@article{Fei-Fei2007LearningCategories,
    title = {{Learning generative visual models from few training examples: An incremental Bayesian approach tested on 101 object categories}},
    year = {2007},
    journal = {Computer Vision and Image Understanding},
    author = {Fei-Fei, Li and Fergus, Rob and Perona, Pietro},
    doi = {10.1016/j.cviu.2005.09.012},
    issn = {10773142},
    keywords = {Bayesian model, Categorization, Generative model, Incremental learning, Object recognition}
}

@article{Chang2011LIBSVM:Machines,
    title = {{LIBSVM: A Library for support vector machines}},
    year = {2011},
    journal = {ACM Transactions on Intelligent Systems and Technology},
    author = {Chang, Chih Chung and Lin, Chih Jen},
    number = {3},
    month = {4},
    volume = {2},
    doi = {10.1145/1961189.1961199},
    issn = {21576904},
    keywords = {Classification LIBSVM optimization regression support vector machines SVM}
}

@inproceedings{Winn2005LOCUS:Segmentation,
    title = {{LOCUS: Learning Object Classes with Unsupervised Segmentation}},
    year = {2005},
    booktitle = {Proceedings of the IEEE International Conference on Computer Vision},
    author = {Winn, J. and Jojic, N.},
    isbn = {076952334X},
    doi = {10.1109/ICCV.2005.148}
}

@inproceedings{Ng2006MedicalAlgorithm,
    title = {{Medical image segmentation using k-means clustering and improved watershed algorithm}},
    year = {2006},
    booktitle = {Proceedings of the IEEE Southwest Symposium on Image Analysis and Interpretation},
    author = {Ng, H. P. and Ong, S. H. and Foong, K. W.C. and Goh, P. S. and Nowinski, W. L.},
    isbn = {1424400694},
    doi = {10.1109/ssiai.2006.1633722}
}

@article{Yang2006Mixed-variableApplications,
    title = {{Mixed-variable fuzzy clustering approach to part family and machine cell formation for GT applications}},
    year = {2006},
    journal = {International Journal of Production Economics},
    author = {Yang, Miin Shen and Hung, Wen Liang and Cheng, Fu Chou},
    doi = {10.1016/j.ijpe.2005.06.003},
    issn = {09255273},
    keywords = {Cell formation, Cellular manufacturing systems, Fuzzy c-means, Fuzzy clustering, Fuzzy data, Mixed-variable data, Symbolic data}
}

@article{Banfield1993Model-BasedClustering,
    title = {{Model-Based Gaussian and Non-Gaussian Clustering}},
    year = {1993},
    journal = {Biometrics},
    author = {Banfield, Jeffrey D. and Raftery, Adrian E.},
    doi = {10.2307/2532201},
    issn = {0006341X}
}

@inproceedings{Sinaga2018ModifiedMethod,
    title = {{Modified relational mountain clustering method}},
    year = {2018},
    booktitle = {Lecture Notes in Computer Science (including subseries Lecture Notes in Artificial Intelligence and Lecture Notes in Bioinformatics)},
    author = {Sinaga, Kristina P. and Hsieh, June Nan and Benjamin, Josephine B.M. and Yang, Miin Shen},
    pages = {690--701},
    volume = {10841 LNAI},
    publisher = {Springer Verlag},
    isbn = {9783319912523},
    doi = {10.1007/978-3-319-91253-0{\_}64},
    issn = {16113349},
    keywords = {Clustering algorithms, Mountain method, Relational data, Relational mountain method}
}

@inproceedings{Bickel2004Multi-viewClustering,
    title = {{Multi-view clustering}},
    year = {2004},
    booktitle = {Proceedings - Fourth IEEE International Conference on Data Mining, ICDM 2004},
    author = {Bickel, Steffen and Scheffer, Tobias},
    isbn = {0769521428},
    doi = {10.1109/ICDM.2004.10095}
}

@inproceedings{Wang2017Multi-ViewRegularization,
    title = {{Multi-View clustering via concept factorization with local manifold Regularization}},
    year = {2017},
    booktitle = {Proceedings - IEEE International Conference on Data Mining, ICDM},
    author = {Wang, Hao and Yang, Yan and Li, Tianrui},
    month = {1},
    pages = {1245--1250},
    publisher = {Institute of Electrical and Electronics Engineers Inc.},
    isbn = {9781509054725},
    doi = {10.1109/ICDM.2016.34},
    issn = {15504786}
}

@inproceedings{Liu2013Multi-viewFactorization,
    title = {{Multi-view clustering via joint nonnegative matrix factorization}},
    year = {2013},
    booktitle = {Proceedings of the 2013 SIAM International Conference on Data Mining, SDM 2013},
    author = {Liu, Jialu and Wang, Chi and Gao, Jing and Han, Jiawei},
    isbn = {9781611972627},
    doi = {10.1137/1.9781611972832.28}
}

@article{Jiang2016Multi-viewFeatures,
    title = {{Multi-view clustering via simultaneous weighting on views and features}},
    year = {2016},
    journal = {Applied Soft Computing Journal},
    author = {Jiang, Bo and Qiu, Feiyue and Wang, Liping},
    doi = {10.1016/j.asoc.2016.06.010},
    issn = {15684946},
    keywords = {Feature weighting, Multi-view clustering, View weighting}
}

@article{Wang2017Multi-viewSources,
    title = {{Multi-view fuzzy clustering with minimax optimization for effective clustering of data from multiple sources}},
    year = {2017},
    journal = {Expert Systems with Applications},
    author = {Wang, Yangtao and Chen, Lihui},
    doi = {10.1016/j.eswa.2016.10.006},
    issn = {09574174},
    arxivId = {1608.07005},
    keywords = {Fuzzy clustering, Minimax optimization, Multi-view clustering, Soft clustering}
}

@misc{BezdekNoTitle,
    title = {{No Title}},
    author = {Bezdek, James C. and Geva, Amir B. and {BEZDEK} and C., J. and Bezdek, James C. and Ehrlich, Robert and Full, William and Chuang, Keh Shih and Tzeng, Hong Long and Chen, Sharon and Wu, Jay and Chen, Tzong Jer and Wang, Xizhao and Wang, Yadong and Wang, Lijuan and Zhu, Lin and Chung, Fu Lai and Wang, Shitong and Yang, Miin Shen and Nataliani, Yessica and Xu, Yu Meng and Wang, Chang Dong and Lai, Jian Huang},
    url = {http://ci.nii.ac.jp/naid/10006528387/en/},
    keywords = {Cluster analysis, Cluster validity, Clustering, Clustering algorithm, Competitive learning, Data clustering, Feature selection, Fuzziness, Fuzzy QMODEL, Fuzzy c-means, Fuzzy clustering, Fuzzy partitions, Gradient descent technique, Hierarchical clustering, Hybrid systems, Image segmentation, Least-squared errors, Membership constraint function, Multi-view, Pattern recognition, Projection pursuit, Recursive feature extraction, Similarity measure, Spatial information, Unsupervised fuzzy clustering, Weighted fuzzy c-means, Weighting, entropy, feature reduction, feature weights, feature-reduction FCM (FRFCM), fuzzy c-means (FCM), fuzzy clustering}
}

@article{Rand1971ObjectiveMethods,
    title = {{Objective criteria for the evaluation of clustering methods}},
    year = {1971},
    journal = {Journal of the American Statistical Association},
    author = {Rand, William M.},
    doi = {10.1080/01621459.1971.10482356},
    issn = {1537274X}
}

@article{CostaPereira2014OnRetrieval,
    title = {{On the role of correlation and abstraction in cross-modal multimedia retrieval}},
    year = {2014},
    journal = {IEEE Transactions on Pattern Analysis and Machine Intelligence},
    author = {Costa Pereira, Jose and Coviello, Emanuele and Doyle, Gabriel and Rasiwasia, Nikhil and Lanckriet, Gert R.G. and Levy, Roger and Vasconcelos, Nuno},
    doi = {10.1109/TPAMI.2013.142},
    issn = {01628828},
    keywords = {Multimedia, content-based retrieval, cross-modal, image and text, kernel correlation, logistic regression, multimodal, retrieval model, semantic spaces}
}

@book{Bezdek1981PatternAlgorithms,
    title = {{Pattern Recognition with Fuzzy Objective Function Algorithms}},
    year = {1981},
    booktitle = {Pattern Recognition with Fuzzy Objective Function Algorithms},
    author = {Bezdek, James C.},
    doi = {10.1007/978-1-4757-0450-1}
}

@book{Bezdek1981PatternAlgorithmsb,
    title = {{Pattern Recognition with Fuzzy Objective Function Algorithms}},
    year = {1981},
    booktitle = {Pattern Recognition with Fuzzy Objective Function Algorithms},
    author = {Bezdek, James C.},
    doi = {10.1007/978-1-4757-0450-1}
}

@article{Yang2017Robust-learningClusters,
    title = {{Robust-learning fuzzy c-means clustering algorithm with unknown number of clusters}},
    year = {2017},
    journal = {Pattern Recognition},
    author = {Yang, Miin Shen and Nataliani, Yessica},
    doi = {10.1016/j.patcog.2017.05.017},
    issn = {00313203},
    keywords = {Entropy penalty terms, Fuzzy c-means (FCM), Fuzzy clustering, Number of clusters, Robust learning-based schema, Robust-learning FCM (RL-FCM)}
}

@inproceedings{MacQueen1967SomeObservations,
    title = {{Some methods for classification and analysis of multivariate observations}},
    year = {1967},
    booktitle = {Proceedings of the fifth Berkeley Symposium on Mathematical Statistics and Probability},
    author = {MacQueen, J}
}

@article{Likas2003TheAlgorithm,
    title = {{The global k-means clustering algorithm}},
    year = {2003},
    journal = {Pattern Recognition},
    author = {Likas, Aristidis and Vlassis, Nikos and J. Verbeek, Jakob},
    doi = {10.1016/S0031-3203(02)00060-2},
    issn = {00313203},
    keywords = {Clustering, Data mining, Global optimatization, k-Means algorithm, k-d Trees}
}

@article{Brbic2016TheGenes,
    title = {{The landscape of microbial phenotypic traits and associated genes}},
    year = {2016},
    journal = {Nucleic Acids Research},
    author = {Brbi{\'{c}}, Maria and Pi{\v{s}}korec, Matija and Vidulin, Vedrana and Kri{\v{s}}ko, Anita and {\v{S}}muc, Tomislav and Supek, Fran},
    doi = {10.1093/nar/gkw964},
    issn = {13624962}
}

@article{Zhang2018TW-Co-k-means:Clustering,
    title = {{TW-Co-k-means: Two-level weighted collaborative k-means for multi-view clustering}},
    year = {2018},
    journal = {Knowledge-Based Systems},
    author = {Zhang, Guang Yu and Wang, Chang Dong and Huang, Dong and Zheng, Wei Shi and Zhou, Yu Ren},
    doi = {10.1016/j.knosys.2018.03.009},
    issn = {09507051},
    keywords = {Clustering, Collaborative, Multi-view, Weighting, k-means}
}

@article{27C.L.Blake1998UCISets,
    title = {{UCI repository of machine learning databases, a huge collection of artificial and real-world data sets}},
    year = {1998},
    author = {[27] C.L. Blake, C.J. Merz}
}

@article{Yang2019UnsupervisedClustering,
    title = {{Unsupervised fuzzy model-based Gaussian clustering}},
    year = {2019},
    journal = {Information Sciences},
    author = {Yang, Miin-Shen and Chang-Chien, Shou-Jen and Nataliani, Yessica},
    month = {5},
    pages = {1--23},
    volume = {481},
    publisher = {Elsevier},
    url = {https://www.sciencedirect.com/science/article/pii/S0020025518310089},
    doi = {10.1016/J.INS.2018.12.059},
    issn = {0020-0255}
}

@article{Yang2019UnsupervisedClusteringb,
    title = {{Unsupervised fuzzy model-based Gaussian clustering}},
    year = {2019},
    journal = {Information Sciences},
    author = {Yang, Miin Shen and Chang-Chien, Shou Jen and Nataliani, Yessica},
    doi = {10.1016/j.ins.2018.12.059},
    issn = {00200255},
    keywords = {Clustering, Fuzzy clustering, Fuzzy model-based clustering, Fuzzy sets, Gaussian mixtures, Model-based clustering, Unsupervised learning schema}
}

@article{Figueiredo2002UnsupervisedModels,
    title = {{Unsupervised learning of finite mixture models}},
    year = {2002},
    journal = {IEEE Transactions on Pattern Analysis and Machine Intelligence},
    author = {Figueiredo, Mario A.T. and Jain, Anil K.},
    doi = {10.1109/34.990138},
    issn = {01628828},
    keywords = {Bayesian methods, Clustering, Expectation-maximization algorithm, Finite mixtures, Minimum message length criterion, Model selection, Unsupervised learning}
}

@article{Xu2016WeightedSelection,
    title = {{Weighted Multi-view Clustering with Feature Selection}},
    year = {2016},
    journal = {Pattern Recognition},
    author = {Xu, Yu Meng and Wang, Chang Dong and Lai, Jian Huang},
    doi = {10.1016/j.patcog.2015.12.007},
    issn = {00313203},
    keywords = {Data clustering, Feature selection, Multi-view, Weighting}
}

@article{Xu2016WeightedSelectionb,
    title = {{Weighted Multi-view Clustering with Feature Selection}},
    year = {2016},
    journal = {Pattern Recognition},
    author = {Xu, Yu Meng and Wang, Chang Dong and Lai, Jian Huang},
    doi = {10.1016/j.patcog.2015.12.007},
    issn = {00313203},
    keywords = {Data clustering, Feature selection, Multi-view, Weighting}
}